@article{arti,
  title={Inherent directionality explains the lack of feedback loops in empirical networks},
  author={Dom{\'\i}nguez-Garc{\'\i}a, Virginia and Pigolotti, Simone and Munoz, Miguel A},
  journal={Scientific reports},
  volume={4},
  pages={7497},
  year={2014},
  publisher={Nature Publishing Group}
}